<record><leader>00000cas a2200000 a 4500</leader><controlfield tag="001">33073201</controlfield><controlfield tag="007">hd bfu---baat</controlfield><controlfield tag="007">hd afu---bact</controlfield><controlfield tag="008">950901d19281931nbuwr  ea     0    0eng d</controlfield><datafield ind1=" " ind2=" " tag="010"><subfield code="a">sn 95070342 </subfield></datafield><datafield ind1=" " ind2=" " tag="040"><subfield code="a">NVG</subfield><subfield code="b">eng</subfield><subfield code="c">NVG</subfield><subfield code="d">OCL</subfield><subfield code="d">OCLCQ</subfield></datafield><datafield ind1=" " ind2=" " tag="042"><subfield code="a">msc</subfield></datafield><datafield ind1=" " ind2=" " tag="043"><subfield code="a">n-us-nb</subfield></datafield><datafield ind1="0" ind2="0" tag="245"><subfield code="a">Thomas County herald and Thomas County clipper</subfield><subfield code="h">[microform].</subfield></datafield><datafield ind1="1" ind2="7" tag="246"><subfield code="a">Thomas County herald-clipper</subfield><subfield code="f">Apr. 10, 1929-Nov. 18, 1931</subfield></datafield><datafield ind1="1" ind2=" " tag="246"><subfield code="i">Title in publisher's box:</subfield><subfield code="a">Thomas Co. herald-clipper</subfield><subfield code="f">Nov. 15, 1928-Nov. 18, 1931</subfield></datafield><datafield ind1=" " ind2=" " tag="260"><subfield code="a">Thedford, Neb. :</subfield><subfield code="b">Orien B. Winter,</subfield><subfield code="c">1928-1931.</subfield></datafield><datafield ind1=" " ind2=" " tag="300"><subfield code="a">4 v.</subfield></datafield><datafield ind1=" " ind2=" " tag="310"><subfield code="a">Weekly</subfield></datafield><datafield ind1="0" ind2=" " tag="362"><subfield code="a">Vol. 41, no. 18 (Sept. 27, 1928)-v. 44, no. 26 (Nov. 18, 1931).</subfield></datafield><datafield ind1=" " ind2=" " tag="580"><subfield code="a">Formed by the union of: Thomas County clipper (Seneca, Neb. : 1914), and: Thomas County herald (Thedford, Neb. : 1910).</subfield></datafield><datafield ind1=" " ind2=" " tag="533"><subfield code="a">Microfilm.</subfield><subfield code="m">1928-1931:[Gaps]</subfield><subfield code="b">[Lincoln, Neb. :</subfield><subfield code="c">Nebraska State Historical Society,</subfield><subfield code="d">1974].</subfield><subfield code="e">2 microfilm reels ; 35 mm.</subfield></datafield><datafield ind1=" " ind2="0" tag="651"><subfield code="a">Thomas County (Neb.)</subfield><subfield code="v">Newspapers.</subfield></datafield><datafield ind1=" " ind2=" " tag="752"><subfield code="a">United States</subfield><subfield code="b">Nebraska</subfield><subfield code="c">Thomas</subfield><subfield code="d">Thedford.</subfield></datafield><datafield ind1="1" ind2="4" tag="780"><subfield code="t">Thomas County clipper (Seneca, Neb. : 1914)</subfield><subfield code="w">(DLC)sn 95070352</subfield></datafield><datafield ind1="1" ind2="4" tag="780"><subfield code="t">Thomas County herald (Thedford, Neb. : 1910)</subfield><subfield code="w">(DLC)sn 95070341</subfield></datafield><datafield ind1="0" ind2="0" tag="785"><subfield code="t">Thomas County herald-clipper</subfield><subfield code="w">(DLC)sn 95070343</subfield></datafield><datafield ind1="1" ind2=" " tag="029"><subfield code="a">AU@</subfield><subfield code="b">000011994279</subfield></datafield></record>